@Book{Yeung2020,
  title = {Engaging Multiple Personalities Volume 4: The Collected Blog Posts},
  author = {David Yeung},
  publisher = {},
  address = {Canada},
  year = {2020},
  edition = {1st},
  note = {ISBN},
  url = {http://yihui.org/knitr/},
}
